version https://git-lfs.github.com/spec/v1
oid sha256:5d41b440955eba12b26ccc92000fe77e0ddfb2044c1c455e39e0a3bbfa0b8df1
size 4038
